1692 3017
418 25 558 85 ιςέςν.
669 25 968 75 citatoribus
987 35 1200 69 vacuam
1216 24 1270 69 in
1291 20 1472 70 officio
1497 20 1692 72 futurat

660 82 900 142 'lit-entes.
935 94 991 138 Et
1025 105 1151 138 veto
1161 90 1279 139 licet
1293 94 1528 139 omnium
1539 88 1692 155 postte

672 161 966 226 obsequium
985 155 1205 207 redirent
1219 160 1617 224 Antverpienses,
1637 177 1692 224 pr

677 243 849 279 tamen
865 223 1084 283 laudem,
1096 224 1286 274 nedum
1298 230 1504 277 veniam
1515 228 1692 275 mereb:

358 297 590 349 neris-'ob
676 288 861 364 q‘uippe
878 298 934 343 in
947 289 1246 359 expellendo
1258 297 1644 346 concionalium
1661 297 1692 344 h

362 377 418 417 sn
430 373 593 417 reticos
676 380 854 415 corum
871 378 1018 431 grege
1029 360 1118 411 diu
1131 364 1446 429 multumque
1464 367 1692 429 optimo<

362 441 537 501 efflatu.
568 432 577 440 '
674 428 1016 482 desudandum
1028 429 1143 481 fuit.
1191 435 1436 501 Qamvis
1455 435 1589 481 enim
1608 432 1689 480 illi

362 505 554 561 unns-ine
568 520 642 550 co·
680 504 772 549 nio
796 499 1091 566 plerumque
1124 496 1269 549 rudes
1300 535 1316 555 ,
1349 516 1406 549 ae
1435 502 1593 565 tnagis
1635 504 1692 548 in

362 584 826 638 memmagnoquam
859 565 1058 624 callidi,
1089 570 1179 619 vix
1194 568 1329 616 ultra
1353 570 1649 633 popinalem
1676 585 1692 615 t

686 637 1039 701 namsaperent
1052 653 1071 684 ι
1107 652 1278 685 tamen
1290 638 1444 701 usque
1456 632 1583 686 adeo
1604 641 1659 687 &
1680 652 1692 683 ι

677 720 857 763 τοιειῐη
884 708 1238 761 exercuerant,
1265 708 1317 753 &
1335 703 1692 753 factiosorum

670 789 768 838 que
786 787 922 822 notae
936 773 1207 822 hominum
1225 772 1692 837 fovebaut11rope,e

674 843 769 889 mis
788 841 1114 905 popularium
1129 842 1313 890 anirnIs
1331 840 1633 889 inhaeserant
1647 874 1662 896 ,
1682 858 1692 888 ι

671 923 878 974 temque
890 908 1125 958 obsess'am
1141 925 1292 975 atque
1307 909 1587 957 obnoxiam
1601 922 1691 956 mo

676 977 980 1037 obtinebant
999 996 1012 1033 ;
1023 992 1079 1025 ut
1091 976 1318 1042 prostesto
1335 978 1526 1026 extrahi
1538 973 1664 1024 inde
1675 992 1692 1024 ι

682 1058 799 1092 rent
812 1045 991 1109 absque
1008 1046 1203 1111 ingenti
1220 1061 1407 1095 conatu
1418 1061 1474 1094 ae
1488 1044 1654 1092 turbis
1665 1079 1680 1101 ‚

677 1127 828 1178 taque
844 1109 1211 1163 miserismodis
1242 1115 1536 1178 Antverpia.
1593 1116 1692 1161 San

675 1181 838 1245 magis
853 1176 1098 1230 defectum
1109 1183 1300 1232 viribus
1313 1217 1328 1238 ‚
1351 1196 1503 1246 atque
1514 1184 1692 1229 intern

667 1262 763 1295 um
775 1248 1029 1313 relinqunt
1045 1264 1187 1306 eum,
1215 1253 1355 1312 cujus
1382 1246 1570 1296 obsesso
1606 1246 1692 1296 ee<

675 1313 948 1364 desertores
977 1316 1177 1383 spiritus
1220 1320 1608 1383 importunique
1630 1316 1692 1364 ht

675 1385 944 1449 exiguntur
964 1386 1222 1435 sacrorum
1248 1389 1300 1437 vi
1329 1385 1652 1439 carminum3

662 1451 749 1501 illa
766 1451 1109 1501 ministrorum
1125 1452 1598 1520 transfugarumque
1614 1452 1692 1517 leg

672 1519 933 1568 obluEians
948 1537 1004 1569 ac
1032 1525 1262 1586 pervicax
1282 1522 1452 1569 εοειᾶει
1466 1516 1678 1568 demum

362 1601 458 1641 :sen
478 1593 621 1651 impe·
665 1584 779 1636 dere
798 1621 814 1643 ,
839 1591 1102 1638 civitatem
1119 1604 1326 1639 omnem
1342 1590 1497 1637 minis
1528 1589 1692 1654 impre

362 1673 498 1709 nemer
510 1672 596 1705 ven
606 1657 649 1701 i·
671 1655 912 1719 nibusque
929 1656 1188 1707 concuffit.
1225 1660 1291 1706 At
1305 1658 1692 1710 Gubernatrix‚‹

349 1749 430 1777 ,nm
454 1765 462 1781 ,
486 1724 627 1785 mfise
669 1722 849 1772 tiffime‘
866 1727 1169 1793 legationem
1186 1742 1340 1776 tantae
1368 1727 1592 1775 civitatis
1621 1740 1692 1773 ex«

358 1801 546 1845 aet-lant.
633 1842 648 1858 ,
675 1793 790 1849 bat,
822 1788 1128 1844 diffimulato
1153 1809 1322 1843 tamen
1338 1791 1528 1859 gaudio
1548 1828 1563 1848 ,
1591 1808 1692 1858 prae

672 1862 891 1925 graviter
903 1864 1120 1918 incusat,
1148 1878 1209 1910 ne
1245 1878 1294 1911 at
1307 1858 1560 1929 agendum
1578 1859 1675 1910 else

670 1933 755 1978 nia
770 1965 783 1986 ,
796 1929 1084 1995 priusquam
1097 1946 1194 1994 prae
1216 1927 1379 1978 idiui'n
1394 1932 1530 1978 intra
1547 1929 1692 1977 urben

670 1999 934 2047 mittatur:
971 1995 1181 2047 admisso
1193 2032 1206 2053 ‚
1225 1994 1436 2063 spondet
1448 2012 1661 2061 operam
1679 2003 1692 2045 1

576 2083 591 2090 r
666 2080 770 2130 quo
792 2065 998 2114 illorum
1027 2066 1250 2133 precibus
1280 2069 1385 2115 Rex
1400 2064 1624 2129 placetur
1653 2084 1667 2114 ε

660 2135 867 2181 interim
883 2136 944 2183 ab
960 2131 1391 2185 animadverlione
1418 2136 1473 2180 in
1484 2148 1692 2183 eontun

666 2216 722 2249 ae
740 2200 974 2250 rebellem
987 2206 1262 2259 civitatem,
1284 2216 1613 2268 praeterquam
1627 2206 1688 2251 in

366 2277 660 2325 Deditionem
672 2283 788 2315 rum
813 2272 1095 2335 Imaginum
1123 2271 1395 2323 violatores
1412 2304 1426 2325 ,
1450 2286 1508 2318 ae
1526 2266 1692 2319 sediti«

362 2346 663 2405 ηῌὶ-νκητδκ-
680 2338 859 2399 capita,
873 2337 1181 2390 cessaturam.
1215 2340 1308 2389 Vix
1321 2338 1422 2385 haee
1445 2338 1682 2403 responsa

370 2403 640 2457 beraarrici.
662 2404 826 2451 lerant
862 2404 1300 2472 Antverpienfibus
1327 2406 1476 2471 legati
1492 2440 1505 2461 ,
1537 2422 1660 2455 cum

668 2468 776 2530 juffi
795 2466 1015 2519 offerunt
1027 2470 1338 2523 deditionem
1357 2492 1372 2521 ⁴:
1406 2471 1692 2534 affirmant,

667 2539 722 2582 in
741 2535 977 2598 potestate
1007 2543 1378 2590 Gubernatricis
1409 2539 1500 2589 esl'e
1513 2576 1527 2599 ,
1560 2541 1692 2607 praefi

666 2605 892 2665 imperet,
913 2619 1216 2672 accepturos.
1285 2608 1391 2664 1112,
1410 2608 1628 2658 consilio
1647 2626 1692 2676 p]

670 2664 881 2718 laudato
899 2704 912 2728 ‚
940 2670 1081 2724 addit
1107 2685 1121 2734 ε
1140 2674 1277 2740 quasi
1294 2677 1482 2727 honori
1496 2674 1638 2729 daret
1653 2712 1671 2735 ,
